<record><leader>00000cas a2200000 a 4500</leader><controlfield tag="001">51737632</controlfield><controlfield tag="008">030225c200u9999flusr ne      0   a0fin  </controlfield><datafield ind1=" " ind2=" " tag="010"><subfield code="a">sn2003058005</subfield></datafield><datafield ind1=" " ind2=" " tag="040"><subfield code="a">DLC</subfield><subfield code="b">eng</subfield><subfield code="c">DLC</subfield><subfield code="d">NSD</subfield><subfield code="d">OCLCQ</subfield><subfield code="d">OCLCF</subfield><subfield code="d">OCLCO</subfield><subfield code="d">DLC</subfield></datafield><datafield ind1=" " ind2=" " tag="012"><subfield code="m">1</subfield></datafield><datafield ind1="0" ind2=" " tag="022"><subfield code="a">1557-1815</subfield><subfield code="l">1557-1815</subfield><subfield code="2">1</subfield></datafield><datafield ind1=" " ind2=" " tag="032"><subfield code="a">024020</subfield><subfield code="b">USPS</subfield></datafield><datafield ind1=" " ind2=" " tag="037"><subfield code="b">Finnish Media Group, 705 Lake Ave., Lake Worth, FL 33460</subfield></datafield><datafield ind1="0" ind2=" " tag="041"><subfield code="a">fin</subfield><subfield code="a">eng</subfield></datafield><datafield ind1=" " ind2=" " tag="042"><subfield code="a">pcc</subfield><subfield code="a">nsdp</subfield></datafield><datafield ind1=" " ind2=" " tag="043"><subfield code="a">n-us-fl</subfield></datafield><datafield ind1="0" ind2="0" tag="050"><subfield code="a">Newspaper</subfield></datafield><datafield ind1=" " ind2="0" tag="222"><subfield code="a">Pohjois Amerikan uutiset</subfield></datafield><datafield ind1="0" ind2="0" tag="245"><subfield code="a">Pohjois Amerikan uutiset.</subfield></datafield><datafield ind1="1" ind2="3" tag="246"><subfield code="a">Finnish update</subfield></datafield><datafield ind1="1" ind2="7" tag="246"><subfield code="a">Amerikan uutiset</subfield></datafield><datafield ind1=" " ind2=" " tag="260"><subfield code="a">Lake Worth, Fla. :</subfield><subfield code="b">Finnish Media Group</subfield></datafield><datafield ind1=" " ind2=" " tag="300"><subfield code="a">v.</subfield></datafield><datafield ind1=" " ind2=" " tag="310"><subfield code="a">Semimonthly</subfield></datafield><datafield ind1=" " ind2=" " tag="500"><subfield code="a">Title varies slightly.</subfield></datafield><datafield ind1=" " ind2=" " tag="546"><subfield code="a">In Finnish and English.</subfield></datafield><datafield ind1=" " ind2=" " tag="588"><subfield code="a">Description based on: Vol. LXX [i.e. 3], no 1 (15. tammikuuta 2002).</subfield></datafield><datafield ind1=" " ind2=" " tag="588"><subfield code="a">Latest issue consulted: Vol. 5, no. 6 (16. maliskuuta 2004).</subfield></datafield><datafield ind1=" " ind2="0" tag="650"><subfield code="a">Finns</subfield><subfield code="z">Florida</subfield><subfield code="v">Newspapers.</subfield></datafield><datafield ind1=" " ind2="0" tag="651"><subfield code="a">Lake Worth (Fla.)</subfield><subfield code="v">Newspapers.</subfield></datafield><datafield ind1=" " ind2="7" tag="650"><subfield code="a">Finns.</subfield><subfield code="2">fast</subfield><subfield code="0">(OCoLC)fst00925139</subfield></datafield><datafield ind1=" " ind2="7" tag="651"><subfield code="a">Florida.</subfield><subfield code="2">fast</subfield><subfield code="0">(OCoLC)fst01205150</subfield></datafield><datafield ind1=" " ind2="7" tag="651"><subfield code="a">Florida</subfield><subfield code="z">Lake Worth.</subfield><subfield code="2">fast</subfield><subfield code="0">(OCoLC)fst01226248</subfield></datafield><datafield ind1=" " ind2="7" tag="655"><subfield code="a">Newspapers.</subfield><subfield code="2">fast</subfield><subfield code="0">(OCoLC)fst01423814</subfield></datafield><datafield ind1=" " ind2=" " tag="752"><subfield code="a">United States</subfield><subfield code="b">Florida</subfield><subfield code="c">Palm Beach</subfield><subfield code="d">Lake Worth.</subfield></datafield><datafield ind1="0" ind2="0" tag="780"><subfield code="t">Finnish update</subfield><subfield code="x">1531-0477</subfield><subfield code="w">(DLC)   00215601</subfield><subfield code="w">(OCoLC)44619758</subfield></datafield><datafield ind1=" " ind2=" " tag="850"><subfield code="a">DLC</subfield></datafield><datafield ind1="1" ind2=" " tag="029"><subfield code="a">AU@</subfield><subfield code="b">000024467925</subfield></datafield></record>